@manual{ascii,
  title       ={Information technology — Coded graphic character set for text communication — Latin alphabet },
  organization={ISO/IEC},
  year        ={2001},
  url         ={https://webstore.iec.ch/preview/info_isoiec6937%7Bed3.0%7Den.pdf},
  urldate     = {16.9.2021},
  pages       = {16},
}

@manual{cdatatypes,
  title        = {Programming languages — C},
  organization = {ISO/IEC},
  year         = {2011},
  url          = {http://www.open-std.org/jtc1/sc22/wg14/www/docs/n1570.pdf},
  urldate      = {16.9.2021},
}

@manual{tcpSpec,
  title        = {TRANSMISSION CONTROL PROTOCOL},
  organization = {Information Sciences Institute — University of Southern California},
  year         = {1981},
  url          = {https://www.rfc-editor.org/rfc/rfc793.html},
  urldate      = {16.9.2021},
}

@manual{Atmega328p,
  title        = {ATmega328P
  8-bit AVR Microcontroller with 32K Bytes In-System
Programmable Flash
DATASHEET},
  organization = {Atmel Corporation},
  year         = {2015},
  location     = {1600 Technology Drive, San Jose, CA 95110 USA},
  url          = {https://ww1.microchip.com/downloads/en/DeviceDoc/Atmel-7810-Automotive-Microcontrollers-ATmega328P_Datasheet.pdf},
  urldate      = {22.10.2021},
}