@manual{ascii,
    title={Information technology — Coded graphic character set for text communication — Latin alphabet },
    organization={ISO},
    year={2001},
    url={https://webstore.iec.ch/preview/info_isoiec6937%7Bed3.0%7Den.pdf}
}
